@article{Paladin,
    title = {Physics-Based Modeling Provides Predictive Understanding of Selectively Promiscuous Substrate Binding by Hsp70 Chaperones},
    journaltitle = {PLOS Computational Biology},
	author = {Nordquist, Erik and English, Charles and Clerico, Eugenia and Sherman, Woody and Gierasch, Lila and Chen, Jianhan},
	doi={10.1371/journal.pcbi.1009567},
	url={https://doi.org/10.1371/journal.pcbi.1009567},
	date = {2021}
}

@article{GBMV2,
    title = {Accelerating the Generalized Born with Molecular Volume and Solvent Accessible Surface Area Implicit Solvent Model Using Graphics Processing Units},
    journaltitle = {Journal of Computational Chemistry},
	author = {Gong, Xiping and Chiricotto, Mara and Liu, Xiaorong and Nordquist, Erik and Feig, Michael and Brooks, Charles L., III and Chen, Jianhan},
	doi={10.1002/JCC.26133},
	url={https://doi.org/10.1002/JCC.26133},
	date = {2020}
}
